<collection xmlns="http://www.loc.gov/MARC21/slim"><record><leader>00769nam  2200229   450</leader><controlfield tag="001">748</controlfield><controlfield tag="003">http://montalegre.opacnet.com/OPAC/default.aspx?ContentAreaControl=ShowRegHoldings.ascx&amp;RegNo=16662</controlfield><datafield tag="100" ind1=" " ind2=" "><subfield code="a">20030307d1988    m  y1pory010305  ba</subfield></datafield><datafield tag="101" ind1="1" ind2=" "><subfield code="a">por</subfield><subfield code="c">ger</subfield></datafield><datafield tag="102" ind1=" " ind2=" "><subfield code="a">PT</subfield></datafield><datafield tag="105" ind1=" " ind2=" "><subfield code="a">y   z   001ay</subfield></datafield><datafield tag="106" ind1=" " ind2=" "><subfield code="a">r</subfield></datafield><datafield tag="200" ind1="1" ind2=" "><subfield code="a">&lt;O &gt;imperador de Portugal</subfield><subfield code="f">Selma Lagerlof</subfield><subfield code="g">trad. de Esther de Lemos</subfield></datafield><datafield tag="210" ind1=" " ind2=" "><subfield code="a">Lisboa</subfield><subfield code="c">Ulisseia</subfield><subfield code="d">1988</subfield></datafield><datafield tag="215" ind1=" " ind2=" "><subfield code="a">214p.</subfield><subfield code="d">19 cm</subfield></datafield><datafield tag="225" ind1="2" ind2=" "><subfield code="a">Clássicos do romance contemporâneo</subfield><subfield code="v">57</subfield></datafield><datafield tag="675" ind1=" " ind2=" "><subfield code="a">821.113.6-32"19"</subfield><subfield code="v">BN</subfield><subfield code="z">por</subfield></datafield><datafield tag="700" ind1=" " ind2="1"><subfield code="a">Lagerlöf</subfield><subfield code="b">Selma</subfield><subfield code="f">1858-1940</subfield></datafield><datafield tag="702" ind1=" " ind2="1"><subfield code="a">Lemos</subfield><subfield code="b">Esther de</subfield><subfield code="4">730</subfield></datafield><datafield tag="801" ind1=" " ind2="0"><subfield code="a">PT</subfield><subfield code="b">Biblioteca Municipal de Montalegre</subfield><subfield code="g">RPC</subfield></datafield><datafield tag="856" ind1=" " ind2=" "><subfield code="u">locateMedia.asp?cod=20060619165710&amp;ext=jpg</subfield><subfield code="z">CAPA</subfield></datafield><datafield tag="909" ind1="&#9;" ind2=" "><subfield code="a">2</subfield></datafield><datafield tag="966" ind1=" " ind2=" "><subfield code="a">0009011</subfield><subfield code="l">BMM</subfield><subfield code="s">SCG 821 LAG imp 57</subfield></datafield><datafield tag="966" ind1=" " ind2=" "><subfield code="a">0009012</subfield><subfield code="l">BMM</subfield><subfield code="s">SCG 821 LAG imp 57</subfield></datafield></record></collection>